@inproceedings{jarrar2002formal,
  title={Formal ontology engineering in the dogma approach},
  author={Jarrar, Mustafa and Meersman, Robert},
  booktitle={OTM Confederated International Conferences" On the Move to Meaningful Internet Systems"},
  pages={1238--1254},
  year={2002},
  organization={Springer}
}

@inproceedings{jurjens2001towards,
  title={Towards development of secure systems using UMLsec},
  author={J{\"u}rjens, Jan},
  booktitle={International Conference on Fundamental Approaches to Software Engineering},
  pages={187--200},
  year={2001},
  organization={Springer}
}

@incollection{jurjens2004risk,
  title={Risk-driven development of security-critical systems using UMLsec},
  author={J{\"u}rjens, Jan and Houmb, Siv Hilde},
  booktitle={Information Technology},
  pages={21--53},
  year={2004},
  publisher={Springer}
}

@inproceedings{jurjens2004automated,
  title={Automated verification of UMLsec models for security requirements},
  author={J{\"u}rjens, Jan and Shabalin, Pasha},
  booktitle={International Conference on the Unified Modeling Language},
  pages={365--379},
  year={2004},
  organization={Springer}
}

@book{jurjens2005secure,
  title={Secure systems development with UML},
  author={J{\"u}rjens, Jan},
  year={2005},
  publisher={Springer Science \& Business Media}
}

@inproceedings{Mana:2008:TFS:1371602.1371871,
 author = {Ma\~{n}a, Antonio and Pujol, Gimena},
 title = {Towards Formal Specification of Abstract Security Properties},
 booktitle = {Proceedings of the 2008 Third International Conference on Availability, Reliability and Security},
 series = {ARES '08},
 year = {2008},
 isbn = {978-0-7695-3102-1},
 pages = {80--87},
 numpages = {8},
 url = {http://dx.doi.org/10.1109/ARES.2008.202},
 doi = {10.1109/ARES.2008.202},
 acmid = {1371871},
 publisher = {IEEE Computer Society},
 address = {Washington, DC, USA},
 keywords = {Security Properties, Formal Models, Proof assistants},
} 

@inproceedings{ali2009rigorous,
  title={A rigorous methodology for security architecture modeling and verification},
  author={Ali, Yomna and El-Kassas, Sherif and Mahmoud, Mohy},
  booktitle={2009 42nd Hawaii International Conference on System Sciences},
  pages={1--10},
  year={2009},
  organization={IEEE}
}

@article{basin2009automated,
  title={Automated analysis of security-design models},
  author={Basin, David and Clavel, Manuel and Doser, J{\"u}rgen and Egea, Marina},
  journal={Information and Software Technology},
  volume={51},
  number={5},
  pages={815--831},
  year={2009},
  publisher={Elsevier}
}

@inproceedings{jenkins2010ontologies,
  title={Ontologies and model-based systems engineering},
  author={Jenkins, Steven},
  booktitle={INCOSE IW 2010 MBSE Workshop. California Institute of technology: Jet Propulsion Laboratory},
  year={2010}
}

@inproceedings{kuhlmann2011comprehensive,
  title={Comprehensive two-level analysis of static and dynamic rbac constraints with uml and ocl},
  author={Kuhlmann, Mirco and Sohr, Karsten and Gogolla, Martin},
  booktitle={2011 Fifth International Conference on Secure Software Integration and Reliability Improvement},
  pages={108--117},
  year={2011},
  organization={IEEE}
}

@article{apvrille2013sysml,
  title={SysML-Sec: A SysML environment for the design and development of secure embedded systems},
  author={Apvrille, Ludovic and Roudier, Yves},
  journal={APCOSEC, Asia-Pacific Council on Systems Engineering},
  pages={8--11},
  year={2013}
}

@inproceedings{shen2014extended,
  title={An extended uml method for the verification of security protocols},
  author={Shen, Gang and Li, Xiaohong and Feng, Ruitao and Xu, Guangquan and Hu, Jing and Feng, Zhiyong},
  booktitle={2014 19th International Conference on Engineering of Complex Computer Systems},
  pages={19--28},
  year={2014},
  organization={IEEE}
}

@inproceedings{roudier2015sysml,
  title={SysML-Sec: A model driven approach for designing safe and secure systems},
  author={Roudier, Yves and Apvrille, Ludovic},
  booktitle={2015 3rd International Conference on Model-Driven Engineering and Software Development (MODELSWARD)},
  pages={655--664},
  year={2015},
  organization={IEEE}
}

@inproceedings{kumar2015quantitative,
  title={Quantitative attack tree analysis via priced timed automata},
  author={Kumar, Rajesh and Ruijters, Enno and Stoelinga, Mari{\"e}lle},
  booktitle={International Conference on Formal Modeling and Analysis of Timed Systems},
  pages={156--171},
  year={2015},
  organization={Springer}
}

@inproceedings{apvrille2015designing,
  title={Designing safe and secure embedded and cyber-physical systems with SysML-Sec},
  author={Apvrille, Ludovic and Roudier, Yves},
  booktitle={International Conference on Model-Driven Engineering and Software Development},
  pages={293--308},
  year={2015},
  organization={Springer}
}

@inproceedings{berger2016automatically,
  title={Automatically extracting threats from extended data flow diagrams},
  author={Berger, Bernhard J and Sohr, Karsten and Koschke, Rainer},
  booktitle={International Symposium on Engineering Secure Software and Systems},
  pages={56--71},
  year={2016},
  organization={Springer}
}

@article{done2016architecting,
  title={Architecting Composable Security},
  author={D{\=o}ne, Brian K and Willett, Keith D and Benjamin, Bruce P and Sterne, Dan F and Tally, Gregg W and Viel, David W},
  journal={INSIGHT},
  volume={19},
  number={2},
  pages={58--61},
  year={2016},
  publisher={Wiley Online Library}
}

@inproceedings{gadyatskaya2016modelling,
  title={Modelling attack-defense trees using timed automata},
  author={Gadyatskaya, Olga and Hansen, Ren{\'e} Rydhof and Larsen, Kim Guldstrand and Legay, Axel and Olesen, Mads Chr and Poulsen, Danny B{\o}gsted},
  booktitle={International Conference on Formal Modeling and Analysis of Timed Systems},
  pages={35--50},
  year={2016},
  organization={Springer}
}

@incollection{ameur2018sysml,
  title={SysML Model Transformation for Safety and Security Analysis},
  author={Ameur-Boulifa, Rab{\'e}a and Lugou, Florian and Apvrille, Ludovic},
  booktitle={Security and Safety Interplay of Intelligent Software Systems},
  pages={35--49},
  year={2018},
  publisher={Springer}
}

@inproceedings{audinot2018guided,
  title={Guided design of attack trees: a system-based approach},
  author={Audinot, Maxime and Pinchinat, Sophie and Kordy, Barbara},
  booktitle={2018 IEEE 31st Computer Security Foundations Symposium (CSF)},
  pages={61--75},
  year={2018},
  organization={IEEE}
}

@inproceedings{leino2018influence,
  title={Influence-directed explanations for deep convolutional networks},
  author={Leino, Klas and Sen, Shayak and Datta, Anupam and Fredrikson, Matt and Li, Linyi},
  booktitle={2018 IEEE International Test Conference (ITC)},
  pages={1--8},
  year={2018},
  organization={IEEE}
}

@article{gao2018edge2vec,
  title={edge2vec: Representation learning using edge semantics for biomedical knowledge discovery},
  author={Gao, Zheng and Fu, Gang and Ouyang, Chunping and Tsutsui, Satoshi and Liu, Xiaozhong and Yang, Jeremy and Gessner, Christopher and Foote, Brian and Wild, David and Yu, Qi and others},
  journal={arXiv preprint arXiv:1809.02269},
  year={2018}
}

@misc{iso/iec_dis_21838-2,
  key={iso/iec_dis_21838-2},
  title={{ISO/IEC DIS 21838-2 Information Technology -- Top-Level Ontologies (TLO) -- Part 2: Basic Formal Ontology (BFO)}},
  url={https://www.iso.org/standard/74572.html},
  journal={ISO/IEC DIS 21838-2 Information Technology -- Top-Level Ontologies (TLO) -- Part 2: Basic Formal Ontology (BFO)},
  publisher={International Standards Organization},
  year={2019},
  month={Jul}
} 

@article{orellana2019ontology,
  title={The Ontology of Systems Engineering: Towards a Computational Digital Engineering Semantic Framework},
  author={Orellana, Douglas and Mandrick, William},
  journal={Procedia Computer Science},
  volume={153},
  pages={268--276},
  year={2019},
  publisher={Elsevier}
}

@inproceedings{fischer2019stack,
  title={Stack overflow considered helpful! deep learning security nudges towards stronger cryptography},
  author={Fischer, Felix and Xiao, Huang and Kao, Ching-Yu and Stachelscheid, Yannick and Johnson, Benjamin and Razar, Danial and Fawkesley, Paul and Buckley, Nat and B{\"o}ttinger, Konstantin and Muntean, Paul and others},
  booktitle={28th $\{$USENIX$\}$ Security Symposium ($\{$USENIX$\}$ Security 19)},
  pages={339--356},
  year={2019}
}

