@book{Aho:72,
    author  = {Alfred V. Aho and Jeffrey D. Ullman},
    title   = {The Theory of Parsing, Translation and Compiling},
    year    = "1972",
    volume  = "1",
    publisher = {Prentice-Hall},
    address = {Englewood Cliffs, NJ}
}

@book{APA:83,
    author  = {{American Psychological Association}},
    title   = {Publications Manual},
    year    = "1983",
   publisher = {American Psychological Association},
   address = {Washington, DC}
}

@article{ACM:83,
	year = "1983",
	author = {{Association for Computing Machinery}},
	journal = {Computing Reviews},
	volume = "24",
	number = "11",
	pages = "503--512"
}

@article{Chandra:81,
	author = {Ashok K. Chandra and Dexter C. Kozen and Larry J. Stockmeyer},
	year = "1981",
	title = {Alternation},
	journal = {Journal of the Association for Computing Machinery},
	volume = "28",
	number = "1",
	pages = "114--133",
	doi = "10.1145/322234.322243",
}

@book{Gusfield:97,
    author  = {Dan Gusfield},
    title   = {Algorithms on Strings, Trees and Sequences},
    year    = "1997",
    publisher = {Cambridge University Press},
    address = {Cambridge, UK}
}

@InProceedings{P16-1001,
  author =	{Goodman, James
  	 and Vlachos, Andreas
	     and Naradowsky, Jason},
  title =    "Noise reduction and targeted exploration in imitation learning for      Abstract Meaning Representation parsing    ",
  booktitle = 	    "Proceedings of the 54th Annual Meeting of the Association for      Computational Linguistics (Volume 1: Long Papers)    ",
  year =    "2016",
  publisher =	"Association for Computational Linguistics",
  pages =   "1--11",
  location =	"Berlin, Germany",
  doi =    "10.18653/v1/P16-1001",
  url =    "http://aclweb.org/anthology/P16-1001"
}

@InProceedings{C14-1001,
  author =	"Harper, Mary",
  title = 	"Learning from 26 Languages: Program Management and Science in the Babel Program",
  booktitle = 	"Proceedings of COLING 2014, the 25th International Conference on Computational Linguistics: Technical Papers",
  year =    "2014",
  publisher =	"Dublin City University and Association for Computational Linguistics",
  pages =   "1",
  location =	"Dublin, Ireland",
  url =    "http://aclweb.org/anthology/C14-1001"
}

@article{article,
author = {Hochreiter, Sepp and Schmidhuber, Jürgen},
year = {1997},
month = {12},
pages = {1735-80},
title = {Long Short-term Memory},
volume = {9},
journal = {Neural computation},
doi = {10.1162/neco.1997.9.8.1735}
}

@article{DBLP:journals/corr/ChoMGBSB14,
  author    = {Kyunghyun Cho and
               Bart van Merrienboer and
               {\c{C}}aglar G{\"{u}}l{\c{c}}ehre and
               Fethi Bougares and
               Holger Schwenk and
               Yoshua Bengio},
  title     = {Learning Phrase Representations using {RNN} Encoder-Decoder for Statistical
               Machine Translation},
  journal   = {CoRR},
  volume    = {abs/1406.1078},
  year      = {2014},
  url       = {http://arxiv.org/abs/1406.1078},
  archivePrefix = {arXiv},
  eprint    = {1406.1078},
  timestamp = {Mon, 13 Aug 2018 16:46:44 +0200},
  biburl    = {https://dblp.org/rec/journals/corr/ChoMGBSB14.bib},
  bibsource = {dblp computer science bibliography, https://dblp.org}
}

@article{bahdanau2014neural,
  title={Neural machine translation by jointly learning to align and translate},
  author={Bahdanau, Dzmitry and Cho, Kyunghyun and Bengio, Yoshua},
  journal={arXiv preprint arXiv:1409.0473},
  year={2014}
}

@misc{mikolov2015computing,
  title={Computing numeric representations of words in a high-dimensional space},
  author={Mikolov, Tomas and Chen, Kai and Corrado, Gregory S and Dean, Jeffrey A},
  year={2015},
  month=may # "~19",
  publisher={Google Patents},
  note={US Patent 9,037,464}
}

@article{DBLP:journals/corr/JoulinGBDJM16,
  author    = {Armand Joulin and
               Edouard Grave and
               Piotr Bojanowski and
               Matthijs Douze and
               Herv{\'{e}} J{\'{e}}gou and
               Tomas Mikolov},
  title     = {FastText.zip: Compressing text classification models},
  journal   = {CoRR},
  volume    = {abs/1612.03651},
  year      = {2016},
  url       = {http://arxiv.org/abs/1612.03651},
  archivePrefix = {arXiv},
  eprint    = {1612.03651},
  timestamp = {Mon, 13 Aug 2018 16:48:53 +0200},
  biburl    = {https://dblp.org/rec/journals/corr/JoulinGBDJM16.bib},
  bibsource = {dblp computer science bibliography, https://dblp.org}
}

@article{DBLP:journals/corr/abs-1810-04805,
  author    = {Jacob Devlin and
               Ming{-}Wei Chang and
               Kenton Lee and
               Kristina Toutanova},
  title     = {{BERT:} Pre-training of Deep Bidirectional Transformers for Language
               Understanding},
  journal   = {CoRR},
  volume    = {abs/1810.04805},
  year      = {2018},
  url       = {http://arxiv.org/abs/1810.04805},
  archivePrefix = {arXiv},
  eprint    = {1810.04805},
  timestamp = {Tue, 30 Oct 2018 20:39:56 +0100},
  biburl    = {https://dblp.org/rec/journals/corr/abs-1810-04805.bib},
  bibsource = {dblp computer science bibliography, https://dblp.org}
}

@misc{science_where_2018,
	title = {Where {Ontologies} {End} and {Knowledge} {Graphs} {Begin}},
	url = {https://medium.com/predict/where-ontologies-end-and-knowledge-graphs-begin-6fe0cdede1ed},
	abstract = {Ontologies have been present in artificial intelligence research for at least forty years, coming into their own in the ’80s on the back…},
	language = {en},
	urldate = {2020-05-05},
	journal = {Medium},
	author = {Science, ODSC-Open Data},
	month = oct,
	year = {2018}
}

@misc{schrader_whats_2020,
	title = {What's the {Difference} {Between} an {Ontology} and a {Knowledge} {Graph}?},
	url = {https://enterprise-knowledge.com/whats-the-difference-between-an-ontology-and-a-knowledge-graph/},
	abstract = {Ontologies are generalized semantic data models, while a knowledge graph is what we get when we leverage that model and apply it to instance data.},
	language = {en},
	urldate = {2020-05-05},
	journal = {Enterprise Knowledge},
	author = {Schrader, Bess},
	month = jan,
	year = {2020}
}