@incollection{NIPS2014_5423,
title = {Generative Adversarial Nets},
author = {Goodfellow, Ian and Pouget-Abadie, Jean and Mirza, Mehdi and Xu, Bing and Warde-Farley, David and Ozair, Sherjil and Courville, Aaron and Bengio, Yoshua},
booktitle = {Advances in Neural Information Processing Systems 27},
editor = {Z. Ghahramani and M. Welling and C. Cortes and N. D. Lawrence and K. Q. Weinberger},
pages = {2672--2680},
year = {2014},
publisher = {Curran Associates, Inc.},
url = {http://papers.nips.cc/paper/5423-generative-adversarial-nets.pdf}
}

@article{DBLP:journals/corr/RadfordMC15,
  author    = {Alec Radford and
               Luke Metz and
               Soumith Chintala},
  title     = {Unsupervised Representation Learning with Deep Convolutional Generative
               Adversarial Networks},
  journal   = {CoRR},
  volume    = {abs/1511.06434},
  year      = {2015},
  url       = {http://arxiv.org/abs/1511.06434},
  archivePrefix = {arXiv},
  eprint    = {1511.06434},
  timestamp = {Mon, 13 Aug 2018 16:46:28 +0200},
  biburl    = {https://dblp.org/rec/bib/journals/corr/RadfordMC15},
  bibsource = {dblp computer science bibliography, https://dblp.org}
}

@article{isola2017image,
  title={Image-to-image translation with conditional adversarial networks},
  author={Isola, Phillip and Zhu, Jun-Yan and Zhou, Tinghui and Efros, Alexei A},
  journal={arXiv preprint},
  year={2017}
}

@misc{mirza2014conditional,
    title={Conditional Generative Adversarial Nets},
    author={Mehdi Mirza and Simon Osindero},
    year={2014},
    eprint={1411.1784},
    archivePrefix={arXiv},
    primaryClass={cs.LG}
}

@InProceedings{Regmi_2018_CVPR,
author = {Regmi, Krishna and Borji, Ali},
title = {Cross-View Image Synthesis Using Conditional GANs},
booktitle = {The IEEE Conference on Computer Vision and Pattern Recognition (CVPR)},
month = {June},
year = {2018}
}

@misc{xia2016adversarial,
  title={Adversarial Examples Generation and Defense Based on Generative Adversarial Network},
  author={Xia, Fei and Liu, Ruishan},
  year={2016}
}

@misc{regmi2018crossview,
    title={Cross-View Image Synthesis using Conditional GANs},
    author={Krishna Regmi and Ali Borji},
    year={2018},
    eprint={1803.03396},
    archivePrefix={arXiv},
    primaryClass={cs.CV}
}

@incollection{NIPS2016_6096,
title = {Learning a Probabilistic Latent Space of Object Shapes via 3D Generative-Adversarial Modeling},
author = {Wu, Jiajun and Zhang, Chengkai and Xue, Tianfan and Freeman, Bill and Tenenbaum, Josh},
booktitle = {Advances in Neural Information Processing Systems 29},
editor = {D. D. Lee and M. Sugiyama and U. V. Luxburg and I. Guyon and R. Garnett},
pages = {82--90},
year = {2016},
publisher = {Curran Associates, Inc.},
url = {http://papers.nips.cc/paper/6096-learning-a-probabilistic-latent-space-of-object-shapes-via-3d-generative-adversarial-modeling.pdf}
}

@article{ganin2016domain,
  title={Domain-adversarial training of neural networks},
  author={Ganin, Yaroslav and Ustinova, Evgeniya and Ajakan, Hana and Germain, Pascal and Larochelle, Hugo and Laviolette, Fran{\c{c}}ois and Marchand, Mario and Lempitsky, Victor},
  journal={The Journal of Machine Learning Research},
  volume={17},
  number={1},
  pages={2096--2030},
  year={2016},
  publisher={JMLR. org}
}

@inproceedings{pathakCVPR16context,
    Author = {Pathak, Deepak and Kr\"ahenb\"uhl, Philipp and Donahue, Jeff and Darrell, Trevor and Efros, Alexei},
    Title = {Context Encoders: Feature Learning by Inpainting},
    Booktitle = {CVPR},
    Year = {2016}
}

@inproceedings{ledig2017photo,
  title={Photo-Realistic Single Image Super-Resolution Using a Generative Adversarial Network.},
  author={Ledig, Christian and Theis, Lucas and Husz{\'a}r, Ferenc and Caballero, Jose and Cunningham, Andrew and Acosta, Alejandro and Aitken, Andrew P and Tejani, Alykhan and Totz, Johannes and Wang, Zehan and others},
  booktitle={CVPR},
  volume={2(3)},
  pages={4},
  year={2017}
}

@article{reed2016generative,
  title={Generative adversarial text to image synthesis},
  author={Reed, Scott and Akata, Zeynep and Yan, Xinchen and Logeswaran, Lajanugen and Schiele, Bernt and Lee, Honglak},
  journal={arXiv preprint arXiv:1605.05396},
  year={2016}
}

@inproceedings{salimans2016improved,
  title={Improved techniques for training gans},
  author={Salimans, Tim and Goodfellow, Ian and Zaremba, Wojciech and Cheung, Vicki and Radford, Alec and Chen, Xi},
  booktitle={Advances in Neural Information Processing Systems},
  pages={2234--2242},
  year={2016}
}

@article{bai2018finding,
  title={Finding tiny faces in the wild with generative adversarial network},
  author={Bai, Yancheng and Zhang, Yongqiang and Ding, Mingli and Ghanem, Bernard},
  journal={CVPR. IEEE},
  year={2018}
}

@article{schawinski2017generative,
  title={Generative adversarial networks recover features in astrophysical images of galaxies beyond the deconvolution limit},
  author={Schawinski, Kevin and Zhang, Ce and Zhang, Hantian and Fowler, Lucas and Santhanam, Gokula Krishnan},
  journal={Monthly Notices of the Royal Astronomical Society: Letters},
  volume={467},
  number={1},
  pages={L110--L114},
  year={2017},
  publisher={Oxford University Press}
}

@article{Luc2016SemanticSU,
  title={Semantic Segmentation using Adversarial Networks},
  author={Pauline Luc and Camille Couprie and Soumith Chintala and Jakob Verbeek},
  journal={CoRR},
  year={2016},
  volume={abs/1611.08408}
}

@misc{ehsani2017segan,
    title={SeGAN: Segmenting and Generating the Invisible},
    author={Kiana Ehsani and Roozbeh Mottaghi and Ali Farhadi},
    year={2017},
    eprint={1703.10239},
    archivePrefix={arXiv},
    primaryClass={cs.CV}
}

@misc{deepfakes-faceswap,
  author = {https://www.reddit.com/user/deepfakes/},
  title = {deepfakes\_faceswap},
  year = {2017},
  publisher = {GitHub},
  journal = {GitHub repository},
  note = "Available via {https://github.com/deepfakes/faceswap}",
  commit = {38990f04f6f0b4f51d7f1b2a1f0776a19eda4447}
}

@misc{tulyakov2017mocogan,
    title={MoCoGAN: Decomposing Motion and Content for Video Generation},
    author={Sergey Tulyakov and Ming-Yu Liu and Xiaodong Yang and Jan Kautz},
    year={2017},
    eprint={1707.04993},
    archivePrefix={arXiv},
    primaryClass={cs.CV}
}

@misc{bansal2018recyclegan,
    title={Recycle-GAN: Unsupervised Video Retargeting},
    author={Aayush Bansal and Shugao Ma and Deva Ramanan and Yaser Sheikh},
    year={2018},
    eprint={1808.05174},
    archivePrefix={arXiv},
    primaryClass={cs.CV}
}

@misc{wang2018videotovideo,
    title={Video-to-Video Synthesis},
    author={Ting-Chun Wang and Ming-Yu Liu and Jun-Yan Zhu and Guilin Liu and Andrew Tao and Jan Kautz and Bryan Catanzaro},
    year={2018},
    eprint={1808.06601},
    archivePrefix={arXiv},
    primaryClass={cs.CV}
}

@article{Mathieu2015DeepMV,
  title={Deep multi-scale video prediction beyond mean square error},
  author={Micha{\"e}l Mathieu and Camille Couprie and Yann LeCun},
  journal={CoRR},
  year={2015},
  volume={abs/1511.05440}
}

@article{hinton2006reducing,
	title={Reducing the dimensionality of data with neural networks},
	author={Hinton, Geoffrey E and Salakhutdinov, Ruslan R},
	journal={science},
	volume={313},
	number={5786},
	pages={504--507},
	year={2006},
	publisher={American Association for the Advancement of Science}
}

@article{larsen2015autoencoding,
  title={Autoencoding beyond pixels using a learned similarity metric},
  author={Larsen, Anders Boesen Lindbo and S{\o}nderby, S{\o}ren Kaae and Larochelle, Hugo and Winther, Ole},
  journal={arXiv preprint arXiv:1512.09300},
  year={2015}
}

@inproceedings{ronneberger2015u,
  title={U-net: Convolutional networks for biomedical image segmentation},
  author={Ronneberger, Olaf and Fischer, Philipp and Brox, Thomas},
  booktitle={International Conference on Medical image computing and computer-assisted intervention},
  pages={234--241},
  year={2015},
  organization={Springer}
}

@incollection{NIPS2017_6672,
title = {Unsupervised Image-to-Image Translation Networks},
author = {Liu, Ming-Yu and Breuel, Thomas and Kautz, Jan},
booktitle = {Advances in Neural Information Processing Systems 30},
editor = {I. Guyon and U. V. Luxburg and S. Bengio and H. Wallach and R. Fergus and S. Vishwanathan and R. Garnett},
pages = {700--708},
year = {2017},
publisher = {Curran Associates, Inc.},
url = {http://papers.nips.cc/paper/6672-unsupervised-image-to-image-translation-networks.pdf}
}

@inproceedings{denton2015deep,
  title={Deep generative image models using a laplacian pyramid of adversarial networks},
  author={Denton, Emily L and Chintala, Soumith and Fergus, Rob and others},
  booktitle={Advances in neural information processing systems},
  pages={1486--1494},
  year={2015}
}

@article{carlini2016towards,
  title={Towards evaluating the robustness of neural networks},
  author={Carlini, Nicholas and Wagner, David},
  journal={arXiv preprint arXiv:1608.04644},
  year={2016}
}

@article{kos2017adversarial,
  title={Adversarial examples for generative models},
  author={Kos, Jernej and Fischer, Ian and Song, Dawn},
  journal={arXiv preprint arXiv:1702.06832},
  year={2017}
}

@article{moosavi2017universal,
  title={Universal adversarial perturbations},
  author={Moosavi-Dezfooli, Seyed-Mohsen and Fawzi, Alhussein and Fawzi, Omar and Frossard, Pascal},
  journal={arXiv preprint},
  year={2017}
}

@misc{athalye2017synthesizing,
    title={Synthesizing Robust Adversarial Examples},
    author={Anish Athalye and Logan Engstrom and Andrew Ilyas and Kevin Kwok},
    year={2017},
    eprint={1707.07397},
    archivePrefix={arXiv},
    primaryClass={cs.CV}
}

@misc{peeleDeepFakes,
 author  = {Sosa J. and Peretti J.},
 date    = {2018-04},
 title   = {You Won't Believe What Obama Says In This Video!},
 url     = {https://www.buzzfeed.com/bfmp/videos/52602},
 urldate = {2018-10-20}
}

@inproceedings{shokri2017membership,
  title={Membership inference attacks against machine learning models},
  author={Shokri, Reza and Stronati, Marco and Song, Congzheng and Shmatikov, Vitaly},
  booktitle={Security and Privacy (SP), 2017 IEEE Symposium on},
  pages={3--18},
  year={2017},
  organization={IEEE}
}

@article{Song_2017,
   title={Machine Learning Models that Remember Too Much},
   ISBN={9781450349468},
   url={http://dx.doi.org/10.1145/3133956.3134077},
   DOI={10.1145/3133956.3134077},
   journal={Proceedings of the 2017 ACM SIGSAC Conference on Computer and Communications Security  - CCS  ’17},
   publisher={ACM Press},
   author={Song, Congzheng and Ristenpart, Thomas and Shmatikov, Vitaly},
   year={2017}
}

@inproceedings{hu2018ganfuzz,
  title={GANFuzz: a GAN-based industrial network protocol fuzzing framework},
  author={Hu, Zhicheng and Shi, Jianqi and Huang, YanHong and Xiong, Jiawen and Bu, Xiangxing},
  booktitle={Proceedings of the 15th ACM International Conference on Computing Frontiers},
  pages={138--145},
  year={2018},
  organization={ACM}
}

%%%%%%%%%%%%%%%%%%% 1.2 %%%%%%%%%%%%%%%%%%%%%%%%%%%%%%%%

@article{barreno2010security,
  title={The security of machine learning},
  author={Barreno, Marco and Nelson, Blaine and Joseph, Anthony D and Tygar, J Doug},
  journal={Machine Learning},
  volume={81},
  number={2},
  pages={121--148},
  year={2010},
  publisher={Springer}
}

@article{Song_2017,
   title={Machine Learning Models that Remember Too Much},
   ISBN={9781450349468},
   url={http://dx.doi.org/10.1145/3133956.3134077},
   DOI={10.1145/3133956.3134077},
   journal={Proceedings of the 2017 ACM SIGSAC Conference on Computer and Communications Security  - CCS  ’17},
   publisher={ACM Press},
   author={Song, Congzheng and Ristenpart, Thomas and Shmatikov, Vitaly},
   year={2017}
}

@inproceedings{abadi2016deep,
  title={Deep learning with differential privacy},
  author={Abadi, Martin and Chu, Andy and Goodfellow, Ian and McMahan, H Brendan and Mironov, Ilya and Talwar, Kunal and Zhang, Li},
  booktitle={Proceedings of the 2016 ACM SIGSAC Conference on Computer and Communications Security},
  pages={308--318},
  year={2016},
  organization={ACM}
}

@inproceedings{shokri2015privacy,
  title={Privacy-preserving deep learning},
  author={Shokri, Reza and Shmatikov, Vitaly},
  booktitle={Proceedings of the 22nd ACM SIGSAC conference on computer and communications security},
  pages={1310--1321},
  year={2015},
  organization={ACM}
}

@article{chen2017zoo,
  title={ZOO: Zeroth Order Optimization based Black-box Attacks to Deep Neural Networks without Training Substitute Models},
  author={Chen, Pin-Yu and Zhang, Huan and Sharma, Yash and Yi, Jinfeng and Hsieh, Cho-Jui},
  journal={arXiv preprint arXiv:1708.03999},
  year={2017}
}

@inproceedings{fogla2006evading,
  title={Evading network anomaly detection systems: formal reasoning and practical techniques},
  author={Fogla, Prahlad and Lee, Wenke},
  booktitle={Proceedings of the 13th ACM conference on Computer and communications security},
  pages={59--68},
  year={2006},
  organization={ACM}
}

@inproceedings{russu2016secure,
  title={Secure kernel machines against evasion attacks},
  author={Russu, Paolo and Demontis, Ambra and Biggio, Battista and Fumera, Giorgio and Roli, Fabio},
  booktitle={Proceedings of the 2016 ACM workshop on artificial intelligence and security},
  pages={59--69},
  year={2016},
  organization={ACM}
}

@inproceedings{zantedeschi2017efficient,
  title={Efficient defenses against adversarial attacks},
  author={Zantedeschi, Valentina and Nicolae, Maria-Irina and Rawat, Ambrish},
  booktitle={Proceedings of the 10th ACM Workshop on Artificial Intelligence and Security},
  pages={39--49},
  year={2017},
  organization={ACM}
}

@inproceedings{munoz2017towards,
  title={Towards poisoning of deep learning algorithms with back-gradient optimization},
  author={Mu{\~n}oz-Gonz{\'a}lez, Luis and Biggio, Battista and Demontis, Ambra and Paudice, Andrea and Wongrassamee, Vasin and Lupu, Emil C and Roli, Fabio},
  booktitle={Proceedings of the 10th ACM Workshop on Artificial Intelligence and Security},
  pages={27--38},
  year={2017},
  organization={ACM}
}

@misc{yuan2018commandersong,
    title={CommanderSong: A Systematic Approach for Practical Adversarial Voice Recognition},
    author={Xuejing Yuan and Yuxuan Chen and Yue Zhao and Yunhui Long and Xiaokang Liu and Kai Chen and Shengzhi Zhang and Heqing Huang and Xiaofeng Wang and Carl A. Gunter},
    year={2018},
    eprint={1801.08535},
    archivePrefix={arXiv},
    primaryClass={cs.CR}
}

@misc{stein2018covert,
    title={A Covert Channel Detector for Machine Learning Models},
    author={John Stein},
    email={jodstein@iu.edu},
    month={August},
    year={2018},
}

@inproceedings{sahami1998bayesian,
  title={A Bayesian approach to filtering junk e-mail},
  author={Sahami, Mehran and Dumais, Susan and Heckerman, David and Horvitz, Eric},
  booktitle={Learning for Text Categorization: Papers from the 1998 workshop},
  volume={62},
  pages={98--105},
  year={1998},
  organization={Madison, Wisconsin}
}

@inproceedings{graham2004beat,
  title={How to beat an adaptive spam filter},
  author={Graham-Cumming, John},
  booktitle={Presentation at the MIT Spam Conference},
  year={2004}
}

@article{DBLP:journals/corr/abs-1804-06059,
	author    = {Mohit Iyyer and
	John Wieting and
	Kevin Gimpel and
	Luke Zettlemoyer},
	title     = {Adversarial Example Generation with Syntactically Controlled Paraphrase
	Networks},
	journal   = {CoRR},
	volume    = {abs/1804.06059},
	year      = {2018},
	url       = {http://arxiv.org/abs/1804.06059},
	archivePrefix = {arXiv},
	eprint    = {1804.06059},
	timestamp = {Mon, 13 Aug 2018 16:47:35 +0200},
	biburl    = {https://dblp.org/rec/bib/journals/corr/abs-1804-06059},
	bibsource = {dblp computer science bibliography, https://dblp.org}
}

@inproceedings{manning2014stanford,
	title={The Stanford CoreNLP natural language processing toolkit},
	author={Manning, Christopher and Surdeanu, Mihai and Bauer, John and Finkel, Jenny and Bethard, Steven and McClosky, David},
	booktitle={Proceedings of 52nd annual meeting of the association for computational linguistics: system demonstrations},
	pages={55--60},
	year={2014}
}


