
@book{example,
	author = {Mark Twain},
	title = {Huckleberry Finn},
	date = {a long time ago},
}
